@article{ledoit_wolf_2003, 
	title={Improved Estimation of the Covariance Matrix of Stock Returns With an Application to Portfolio Selection}, 
	volume={10}, 
	number={5}, 
	journal={Journal of Empirical Finance}, 
	author={Ledoit , Olivier and Wolf, Michael}, 
	year={2003}, 
	month={Dec}, 
	pages={603–621}}

@article{bickel_levina_2008, 
	title={Regularized estimation of large covariance matrices}, 
	volume={36}, 
	number={1}, 
	journal={The Annals of Statistics}, 
	author={Bickel, Peter J. and Levina, Elizaveta}, 
	year={2008}, 
	pages={199–227}}